@article{turk1991eigenfaces,
  title={Eigenfaces for recognition},
  author={Turk, Matthew and Pentland, Alex},
  journal={Journal of cognitive neuroscience},
  volume={3},
  number={1},
  pages={71--86},
  year={1991},
  publisher={MIT Press}
}

@article{belhumeur1997eigenfaces,
  title={Eigenfaces vs. fisherfaces: Recognition using class specific linear projection},
  author={Belhumeur, Peter N. and Hespanha, Jo{\~a}o P and Kriegman, David J.},
  journal={Pattern Analysis and Machine Intelligence, IEEE Transactions on},
  volume={19},
  number={7},
  pages={711--720},
  year={1997},
  publisher={IEEE}
}

@inproceedings{yang2002kernel,
  title={Kernel Eigenfaces vs. Kernel Fisherfaces: Face Recognition Using Kernel Methods.},
  author={Yang, Ming-Hsuan},
  booktitle={fgr},
  volume={2},
  pages={215},
  year={2002}
}

@inproceedings{guo2000face,
  title={Face recognition by support vector machines},
  author={Guo, Guodong and Li, Stan Z and Chan, Kapluk},
  booktitle={Automatic Face and Gesture Recognition, 2000. Proceedings. Fourth IEEE International Conference on},
  pages={196--201},
  year={2000},
  organization={IEEE}
}

@article{eisenthal2006facial,
  title={Facial attractiveness: Beauty and the machine},
  author={Eisenthal, Yael and Dror, Gideon and Ruppin, Eytan},
  journal={Neural Computation},
  volume={18},
  number={1},
  pages={119--142},
  year={2006},
  publisher={MIT Press}
}

@inproceedings{kagian2006humanlike,
  title={A humanlike predictor of facial attractiveness},
  author={Kagian, Amit and Dror, Gideon and Leyvand, Tommer and Cohen-Or, Daniel and Ruppin, Eytan},
  booktitle={Advances in Neural Information Processing Systems},
  pages={649--656},
  year={2006}
}

@article{kagian2008machine,
  title={A machine learning predictor of facial attractiveness revealing human-like psychophysical biases},
  author={Kagian, Amit and Dror, Gideon and Leyvand, Tommer and Meilijson, Isaac and Cohen-Or, Daniel and Ruppin, Eytan},
  journal={Vision research},
  volume={48},
  number={2},
  pages={235--243},
  year={2008},
  publisher={Elsevier}
}